@book{devries2011first,
	title={A First Course in Computational Physics},
	author={DeVries, P. and DeVries, P.L. and Hasbun, J.},
	isbn={9780763773144},
	lccn={93015694},
	url={https://books.google.com.gt/books?id=X3FEPiebLH0C},
	year={2011},
	publisher={Jones \& Bartlett Learning}
}